@Book{physstat69,
  author    = { В. Ф. Ноздрев and А. А. Сенкевич },
  title     = {Курс статистической физики},
  edition   = {2},
  address   = {Москва},
  publisher = {Высшая школа},
  year      = {1969},
  pages     = {284 с.},
  language  = {russian},
}
@Book{termkin72,
  author    = {  Ю. Б Румер and М. Ш. Рывкин },
  title     = {Термодинамика, статистическая физика и кинетика},
  address   = {Москва},
  publisher = {Наука},
  year      = {1972},
  pages     = {400 с.},
  language  = {russian},
}
@Book{canvas14,
  author    = {  D. Ramtal and A. Dobre. },
  title     = {Physics for JavaScript Games, Animation, and Simulations},
  edition   = {1st ed},
  year      = {2014},
  pages     = {467 p.},
  language  = {english},
}

@MISC{CPPREF,
    Title    = {Cppreference [Electronic resource]},
    Note     = {Mode of access: \url{https://en.cppreference.com/w/}. -- Date of access: 19.05.2023},
    language = {english},
}
@MISC{JSD,
    Title    = {JavaScript documentation [Electronic resource]},
    Note     = {Mode of access: \url{https://developer.mozilla.org/en-US/docs/Web/JavaScript}. -- Date of access: 12.01.2023},
    language = {english},
}
@MISC{CAND,
    Title    = {Canvas documentation [Electronic resource]},
    Note     = {Mode of access: \url{https://developer.mozilla.org/en-US/docs/Web/API/Canvas_API/Tutorial}. -- Date of access: 12.01.2023},
    language = {english},
}
@MISC{PYD,
    Title    = {Python documentation [Electronic resource]},
    Note     = {Mode of access: \url{https://docs.python.org/3/}. -- Date of access: 03.03.2023},
    language = {english},
}
@MISC{PYGD,
    Title    = {Pygame documentation [Electronic resource]},
    Note     = {Mode of access: \url{https://www.pygame.org/}. -- Date of access: 03.03.2023},
    language = {english},
}
@MISC{PYMD,
    Title    = {Pymunk documentation [Electronic resource]},
    Note     = {Mode of access: \url{http://www.pymunk.org/}. -- Date of access: 03.03.2023},
    language = {english},
}
@MISC{PLOTD,
    Title    = {Matplotlib documentation [Electronic resource]},
    Note     = {Mode of access: \url{https://matplotlib.org/}. -- Date of access: 03.03.2023},
    language = {english},
}
@MISC{NUMD,
    Title    = {Numpy documentation [Electronic resource]},
    Note     = {Mode of access: \url{https://numpy.org/}. -- Date of access: 03.03.2023},
    language = {english},
}
@MISC{MD,
    Title    = {The Maxwell–Boltzmann distribution in two dimensions [Electronic resource]},
    Note     = {Mode of access: \url{https://scipython.com/blog/the-maxwellboltzmann-distribution-in-two-dimensions/}. -- Date of access: 23.03.2023},
    language = {english},
}
@MISC{PM,
    Title    = {ptusa\_main [Electronic resource]},
    Note     = {Mode of access: \url{https://github.com/savushkin-r-d/ptusa_main}. -- Date of access: 14.04.2023},
    language = {english},
}